<record><leader>00000cas a22000007a 4500</leader><controlfield tag="001">12185396</controlfield><controlfield tag="008">850621d18911897iauwr ne      0    0eng d</controlfield><controlfield tag="009">5087</controlfield><datafield ind1=" " ind2=" " tag="010"><subfield code="a">sn 85050827 </subfield></datafield><datafield ind1=" " ind2=" " tag="040"><subfield code="a">INP</subfield><subfield code="b">eng</subfield><subfield code="c">INP</subfield><subfield code="d">DLC</subfield><subfield code="d">INP</subfield></datafield><datafield ind1="1" ind2=" " tag="029"><subfield code="a">AU@</subfield><subfield code="b">000025787837</subfield></datafield><datafield ind1=" " ind2=" " tag="042"><subfield code="a">msc</subfield></datafield><datafield ind1="0" ind2=" " tag="130"><subfield code="a">Statesman (Marshalltown, Iowa)</subfield></datafield><datafield ind1="0" ind2="4" tag="245"><subfield code="a">The statesman.</subfield></datafield><datafield ind1=" " ind2=" " tag="260"><subfield code="a">Marshalltown, Iowa :</subfield><subfield code="b">Byron Webster &amp; Chas. J. Burkart,</subfield><subfield code="c">1891-1897.</subfield></datafield><datafield ind1=" " ind2=" " tag="300"><subfield code="a">7 v. :</subfield><subfield code="b">ill. ;</subfield><subfield code="c">59 cm.</subfield></datafield><datafield ind1=" " ind2=" " tag="310"><subfield code="a">Weekly</subfield></datafield><datafield ind1="0" ind2=" " tag="362"><subfield code="a">Vol. 16, no. 36 (Mar. 20, 1891)-v. 22, no. 28 (Jan. 15, 1897).</subfield></datafield><datafield ind1=" " ind2=" " tag="500"><subfield code="a">Publisher: Chas. J. Burkart, Nov. 16, 1894-1897.</subfield></datafield><datafield ind1=" " ind2=" " tag="500"><subfield code="a">Editor: Byron Webster, Mar. 20, 1891-Nov. 9, 1894.</subfield></datafield><datafield ind1=" " ind2=" " tag="752"><subfield code="a">United States</subfield><subfield code="b">Iowa</subfield><subfield code="c">Marshall</subfield><subfield code="d">Marshalltown.</subfield></datafield><datafield ind1="0" ind2="0" tag="780"><subfield code="t">Marshall statesman (Marshalltown, Iowa)</subfield><subfield code="w">(DLC)sn 84038325</subfield></datafield><datafield ind1="0" ind2="7" tag="785"><subfield code="t">Press (Marshalltown, Iowa)</subfield></datafield><datafield ind1="0" ind2="7" tag="785"><subfield code="t">Statesman-press twice-a-week</subfield><subfield code="w">(DLC)sn 85050826</subfield></datafield></record>